% This is an auxiliary file used by the 'notes2bib' package.
% This file may safely be deleted.
% It will be recreated as required.

@misc{Note1,
  note = {In Koopmans theorem the $i^{\rm th}$ Ionization potential is approximated by the corresponding energy eigenvalue of the canonical SCF equation $-\epsilon _i$.},
  key = {Note1},
  keywords = {note},
  presort = {mm},
}


