% This is an auxiliary file used by the 'notes2bib' package.
% This file may safely be deleted.
% It will be recreated as required.

@misc{Note1,
  note = {This L stands for Langmuir, it is a standard unit to quantify exposure of a surface to a gaseous sample. The quantity is obtained by multiplying the pressure of the gas by the time of exposure.},
  key = {Note1},
  keywords = {note},
  presort = {mm},
}


